<?xml version="1.0" encoding="UTF-8"?><collection xmlns="http://www.loc.gov/MARC21/slim"><record><leader>00404nam--2200145-i-4500</leader><controlfield tag="001">000011850</controlfield><controlfield tag="002">20161230</controlfield><controlfield tag="005">20170207232412</controlfield><controlfield tag="008">060222s1000------------r-----000-0-eng-d</controlfield><datafield ind1=" " ind2=" " tag="100"><subfield code="a">Brown, Clement</subfield></datafield><datafield ind1=" " ind2=" " tag="245"><subfield code="a">Tranzistoare. Intrebari si raspunsuri. Traduce re din limba engleza</subfield></datafield><datafield ind1=" " ind2=" " tag="260"><subfield code="a">Bucuresti</subfield><subfield code="b">Editura Tehnica</subfield><subfield code="c">1976</subfield></datafield><datafield ind1=" " ind2=" " tag="300"><subfield code="a">107 p</subfield></datafield><datafield ind1=" " ind2=" " tag="852"><subfield code="a">621.382.3(026)</subfield></datafield><datafield ind1=" " ind2=" " tag="CAT"><subfield code="a">SYS</subfield><subfield code="c">20170207</subfield><subfield code="h">232412</subfield></datafield></record></collection>